<?xml version="1.0" encoding="UTF-8"?><collection xmlns="http://www.loc.gov/MARC21/slim"><record><leader>00516nam--2200157-i-4500</leader><controlfield tag="001">000008245</controlfield><controlfield tag="002">20161230</controlfield><controlfield tag="005">20170224004333</controlfield><controlfield tag="008">060222s1000------------r-----000-0-eng-d</controlfield><datafield ind1=" " ind2=" " tag="245"><subfield code="a">Local atomic arrangements studies by x-ray dif fraction. Proceedings of a symposium held in Chicago, Illinois, Febr.15, 1965</subfield></datafield><datafield ind1=" " ind2=" " tag="260"><subfield code="a">New York</subfield><subfield code="b">Gordon And Breach Sci.Publ</subfield><subfield code="c">1966</subfield></datafield><datafield ind1=" " ind2=" " tag="300"><subfield code="a">381 p</subfield></datafield><datafield ind1=" " ind2=" " tag="490"><subfield code="a">Metallurgical Society Conferences</subfield></datafield><datafield ind1=" " ind2=" " tag="700"><subfield code="a">Hilliard, J. E</subfield></datafield><datafield ind1=" " ind2=" " tag="852"><subfield code="a">543.422.8</subfield></datafield><datafield ind1=" " ind2=" " tag="CAT"><subfield code="a">SYS</subfield><subfield code="c">20170224</subfield><subfield code="h">004333</subfield></datafield></record></collection>